
% 2 monografie
@Book{Bringhurst,
 author = {Bringhurst, Robert},
 title = {The elements of typographic style},
 publisher = {Hartley \& Marks},
 year = {1996},
 address = {Point Roberts, WA},
 isbn = {978-0881791327}
 }

@Book{Mittel,
title = {The Latex Companion},
edition = {2nd ed.},
language = {eng},
address = {Boston},
author = {Mittelbach, Frank.l},
keywords = {počítačová typografie vt; LATEX},
publisher = {Addison-Wesley},
isbn = {0-201-36299-6},
year = {2004},
}

% 3 online
@Misc{latex_vut,
title = "Latexové speciality",
howpublished = "online",
revised = "Poslední modifikace: 25. února 2010",
cited = "15. dubna 2019",
url = "http://www.fit.vutbr.cz/~martinek/latex/",
}

@Misc{latex_project,
title = "The Latex project",
howpublished = "online",
revised = "Poslední modifikace: 10. prosince 2018",
cited = "15. dubna 2019",
url = "https://www.latex-project.org/",
}
 
@Misc{latex_manual,
title = "Latex manuál",
howpublished = "online",
revised = "Poslední modifikace: 20. ledna 2001",
cited = "15. dubna 2019",
url = "http://www.it.cas.cz/manual/latex/",
}

% 1 časopis
@InProceedings{typografia,
publisher = {Digirama s.r.o.},
year = {1888-2014. Vycházel měsíčně},
title = {Typografia},
issn = "0322-9068",
address = "Praha",
}


% 2 články
@Article{Journal,
author = "M. A. Tinker",
title = "Reader preferences and typography",
journal = "Journal of Applied Psychology",
year = "1942",
volume = "26",
pages = "38-40",
}

@Article{Aaron,
author = "Aaron Burns",
title = "Typography Today—And Tomorrow",
journal = "Print",
year = "1986",
volume = "XL:VI",
}

%diplomove prace
@BachelorThesis{fonty,
author = "Martin Černý",
title = "Znakové sady v typografických systémech",
school = "Mendelova zemědělská a lesnická univerzita v Brně ",
address = "Brno",
year = "1999",
}


@BachelorThesis{web,
author = "Martina Uhlířová",
title = "Typografie web designu",
school = "Univerzita Karlova  v Praze",
address = "Praha",
year = "2016",
}